<record><leader>00000cas a22000007a 4500</leader><controlfield tag="001">11308452</controlfield><controlfield tag="008">841025d18571857iluwr ne      0    0eng d</controlfield><datafield ind1=" " ind2=" " tag="010"><subfield code="a">sn 84038418 </subfield></datafield><datafield ind1=" " ind2=" " tag="040"><subfield code="a">NPX</subfield><subfield code="b">eng</subfield><subfield code="c">NPX</subfield><subfield code="d">OCLCQ</subfield></datafield><datafield ind1=" " ind2=" " tag="042"><subfield code="a">msc</subfield></datafield><datafield ind1="0" ind2="0" tag="245"><subfield code="a">Dixon weekly Republican.</subfield></datafield><datafield ind1="1" ind2="3" tag="246"><subfield code="a">Dixon Republican</subfield></datafield><datafield ind1="1" ind2="3" tag="246"><subfield code="a">Republican</subfield></datafield><datafield ind1=" " ind2=" " tag="260"><subfield code="a">Dixon, Ill. :</subfield><subfield code="b">S.W. Beckwith,</subfield><subfield code="c">1857-</subfield></datafield><datafield ind1=" " ind2=" " tag="300"><subfield code="a">v.</subfield></datafield><datafield ind1=" " ind2=" " tag="310"><subfield code="a">Weekly</subfield></datafield><datafield ind1="0" ind2=" " tag="362"><subfield code="a">Vol. 1, no. 1 (Jan. 15, 1857)-</subfield></datafield><datafield ind1="1" ind2=" " tag="362"><subfield code="a">Ceased in 1857.</subfield><subfield code="z">Cf. Scott, F.W. Newspapers and periodicals in Ill., 1814-1879.</subfield></datafield><datafield ind1=" " ind2=" " tag="500"><subfield code="a">Recorded in reference sources as: Republican. Cf. Gregory, W. Amer. newspapers; Scott, F.W. Newspapers and periodicals in Ill., 1814-1879.</subfield></datafield><datafield ind1=" " ind2=" " tag="500"><subfield code="a">Editor: E.H. Leggett, &lt;1857&gt;.</subfield></datafield><datafield ind1=" " ind2=" " tag="752"><subfield code="a">United States</subfield><subfield code="b">Illinois</subfield><subfield code="c">Lee</subfield><subfield code="d">Dixon.</subfield></datafield><datafield ind1="0" ind2="7" tag="785"><subfield code="t">Dixon telegraph (Dixon, Ill. : 1851)</subfield><subfield code="w">(DLC)sn 84038420</subfield></datafield><datafield ind1="0" ind2="7" tag="785"><subfield code="t">Republican and telegraph</subfield><subfield code="w">(DLC)sn 84038419</subfield></datafield><datafield ind1="1" ind2=" " tag="029"><subfield code="a">AU@</subfield><subfield code="b">000025821717</subfield></datafield></record>